<?xml version="1.0" encoding="UTF-8"?><collection xmlns="http://www.loc.gov/MARC21/slim"><record><leader>00537nam--2200181-i-4500</leader><controlfield tag="001">000049019</controlfield><controlfield tag="002">20161230</controlfield><controlfield tag="005">20161230201047</controlfield><controlfield tag="008">060222s1000------------r-----000-0-rus-d</controlfield><datafield ind1=" " ind2=" " tag="041"><subfield code="a">rus</subfield></datafield><datafield ind1=" " ind2=" " tag="080"><subfield code="a">539.1.074.55</subfield></datafield><datafield ind1="1" ind2=" " tag="100"><subfield code="a">Akimov,Iu.K</subfield></datafield><datafield ind1="1" ind2="0" tag="245"><subfield code="a">Poluprovodnikovye detektory iadernyh chastic i ih promenenie</subfield><subfield code="c">Iu.k. akimov, a.i. kalinin, v.f. kusniruk, h. iungklaussen</subfield></datafield><datafield ind1=" " ind2=" " tag="260"><subfield code="a">Moskva</subfield><subfield code="b">Atomizdat</subfield><subfield code="c">1967</subfield></datafield><datafield ind1=" " ind2=" " tag="300"><subfield code="a">254 S</subfield></datafield><datafield ind1="1" ind2=" " tag="700"><subfield code="a">Iungklaussen , H</subfield></datafield><datafield ind1=" " ind2=" " tag="852"><subfield code="a">27982</subfield><subfield code="c">539.1.07:539.1.08</subfield></datafield><datafield ind1=" " ind2=" " tag="CAT"><subfield code="a">Sys</subfield><subfield code="c">20111019</subfield><subfield code="h">161726</subfield></datafield></record></collection>